@article{parsia2017owl,
      title={The OWL reasoner evaluation (ORE) 2015 competition report},
      author={Parsia, Bijan and Matentzoglu, Nicolas and Gon{\c{c}}alves, Rafael S and Glimm, Birte and Steigmiller, Andreas},
      journal={Journal of Automated Reasoning},
      volume={59},
      number={4},
      pages={455--482},
      year={2017},
      publisher={Springer}
}
